<record><leader>00000cas a22000007a 4500</leader><controlfield tag="001">14994732</controlfield><controlfield tag="008">861219d19681977inuwr ne      0    0eng d</controlfield><datafield ind1=" " ind2=" " tag="010"><subfield code="a">sn 86059145 </subfield></datafield><datafield ind1=" " ind2=" " tag="040"><subfield code="a">NPI</subfield><subfield code="b">eng</subfield><subfield code="c">NPI</subfield><subfield code="d">OCLCQ</subfield></datafield><datafield ind1=" " ind2=" " tag="042"><subfield code="a">msc</subfield></datafield><datafield ind1="0" ind2="0" tag="245"><subfield code="a">Profile herald.</subfield></datafield><datafield ind1="1" ind2="3" tag="246"><subfield code="a">Kankakee Valley profile herald</subfield></datafield><datafield ind1=" " ind2=" " tag="260"><subfield code="a">Wheatfield, Ind. :</subfield><subfield code="b">Profile Publications,</subfield><subfield code="c">1968-</subfield></datafield><datafield ind1=" " ind2=" " tag="310"><subfield code="a">Weekly</subfield></datafield><datafield ind1="0" ind2=" " tag="362"><subfield code="a">Vol. 46, no. 34 (Aug. 29, 1968)-</subfield></datafield><datafield ind1="1" ind2=" " tag="362"><subfield code="a">Ceased in 1977?</subfield></datafield><datafield ind1=" " ind2=" " tag="500"><subfield code="a">Some issues have variant inner title: The Kankakee Valley profile herald, Aug. 29, 1968-&lt;Oct. 10, 1968&gt;.</subfield></datafield><datafield ind1=" " ind2=" " tag="752"><subfield code="a">United States</subfield><subfield code="b">Indiana</subfield><subfield code="c">Jasper</subfield><subfield code="d">Wheatfield.</subfield></datafield><datafield ind1="0" ind2="0" tag="780"><subfield code="t">Kankakee Valley profile herald</subfield><subfield code="w">(DLC)sn 86059144</subfield></datafield></record>